%% This BibTeX bibliography file was created using BibDesk.
%% http://bibdesk.sourceforge.net/

%% Created for Eloise Hollands at 2017-03-03 04:12:41 +0000 


%% Saved with string encoding Unicode (UTF-8) 



@webpage{StillpointsCost,
	Date-Added = {2017-03-03 00:10:10 +0000},
	Date-Modified = {2017-03-03 00:10:24 +0000},
	Url = {https://www.audiodestination.co.uk/stillpoints}}

@webpage{Nordostcost,
	Date-Added = {2017-03-03 00:07:47 +0000},
	Date-Modified = {2017-03-03 00:08:20 +0000},
	Title = {Nordost Sort Kone TC Isolation Cone},
	Url = {http://www.futureshop.co.uk/nordost-sort-kone-tc-isolation-cone-p-8673.html#.WLizvhKLT-Y}}

@book{Finishes,
	Author = {David Cochrane, Martina Helzel},
	Date-Added = {2017-03-02 12:21:24 +0000},
	Date-Modified = {2017-03-02 12:25:05 +0000},
	Editor = {Third Edition},
	Publisher = {Euro Inox},
	Title = {Guide to Stainless Steel Finishes},
	Year = {2005}}

@article{Forging,
	Author = {Paridhi Wadikar},
	Date-Added = {2017-03-02 11:16:23 +0000},
	Date-Modified = {2017-03-02 11:18:06 +0000},
	Title = {What are the Advantages and Disadvantages of Forging?},
	Year = {2016}}

@book{meyers2009mechanical,
	Author = {Meyers, Marc A and Chawla, Krishan Kumar},
	Location = {Cambridge},
	Pages = {98--103},
	Publisher = {Cambridge University Press},
	Title = {Mechanical behavior of materials},
	Volume = {2},
	Year = {2009}}

@techreport{maguire2016vibration,
	Author = {Maguire, R S and Hollands, E O and Jones, B A H and Miller, L R and Hall, G A and Valladares-Hodder, M},
	Institution = {Durham University School of Engineering and Computing Sciences},
	Location = {Durham},
	Month = {12},
	Title = {Vibration Isolation and Attenuation Mounts},
	Type = {Feasibility Report},
	Year = {2016}}

@manual{SensorManual,
	Address = {pg 13},
	Author = {ST},
	Date-Added = {2017-03-02 01:20:08 +0000},
	Date-Modified = {2017-03-02 01:24:57 +0000},
	Organization = {ST},
	Title = {LIS344ALH MEMS inertial sensor},
	Year = {2008}}

@url{2DoF,
	Date-Added = {2017-03-01 23:11:47 +0000},
	Date-Modified = {2017-03-01 23:12:58 +0000},
	Title = {Two Degree of Freedom Systems},
	Urldate = {http://web.itu.edu.tr/~gundes/2dof.pdf}}

@article{AluVSteel,
	Author = {Meyer Tool},
	Date-Added = {2017-03-01 16:10:15 +0000},
	Date-Modified = {2017-03-01 16:11:58 +0000},
	Title = {Explore the Advantages of Aluminium vs Stainless Steel for the Manufacturing of Vacuum Chambers},
	Year = {2009}}

@article{SetUp,
	Author = {Ryan Teixeira},
	Date-Added = {2017-02-26 17:03:42 +0000},
	Date-Modified = {2017-02-26 17:06:10 +0000},
	Title = {How to Design Low Price Machined Parts and Why?},
	Year = {2016}}

@webpage{cnc,
	Date-Added = {2017-02-24 01:19:45 +0000},
	Date-Modified = {2017-02-24 01:20:06 +0000},
	Url = {http://www.owensind.com/CNC-Information/MultiAxisMilling},
	Bdsk-Url-1 = {http://www.owensind.com/CNC-Information/MultiAxisMilling}}

@book{dfm,
	Author = {David M. Anderson},
	Date-Added = {2017-02-23 20:53:08 +0000},
	Date-Modified = {2017-02-23 20:54:51 +0000},
	Publisher = {Productivity Press},
	Title = {Design for Manufacturability: How to Use Concurrent Engineering to Rapidly Develop Low-Cost, High-Quality Products for Lean Production},
	Year = {2014}}

@techreport{microphonics,
	Author = {Robert B. Tomer},
	Date-Added = {2017-02-21 20:44:59 +0000},
	Date-Modified = {2017-02-21 20:46:08 +0000},
	Institution = {Indianapolis, USA},
	Title = {Getting The Most Out of Vacuum Tubes},
	Year = {1960}}

@techreport{Stillpoints,
	Author = {W. et al},
	Date-Added = {2017-02-21 20:31:13 +0000},
	Date-Modified = {2017-02-21 20:37:40 +0000},
	Institution = {Stillpoints},
	Number = {USA Patent US 6,655,668 B1},
	Title = {UNIVERSAL VIBRATION DAMPER},
	Year = {2003}}
	
@article{vokoun2009magnetostatic,
  title={Magnetostatic interactions and forces between cylindrical permanent magnets},
  author={Vokoun, David and Beleggia, Marco and Heller, Lud{\v{e}}k and {\v{S}}ittner, Petr},
  journal={Journal of magnetism and Magnetic Materials},
  volume={321},
  number={22},
  pages={3758--3763},
  year={2009},
  publisher={Elsevier}
}

@article{nakai1973dynamic,
  title={Dynamic Damping of Stylus Compliance/Tone-Arm Resonance},
  author={Nakai, Gary T},
  journal={Journal of the Audio Engineering Society},
  volume={21},
  number={7},
  pages={555--562},
  year={1973},
  publisher={Audio Engineering Society}
}
